@article{ss07,
author = {Sutter, P. W. and Sutter, E. A.},
journal = {Nat. Mater.},
pages = {363-366},
title = {Dispensing and and surface-induced crystallization of zeptolitre liquid metal-alloy drops},
volume = {6},
year = {2007},
}

@article{ss07,
author = {Sutter, P. W. and Sutter, E. A.},
journal = {Nat. Mater.},
pages = {363-366},
title = {Dispensing and and surface-induced crystallization of zeptolitre liquid metal-alloy drops},
volume = {6},
year = {2007},
}

@article{lcrm07,
author = {Laforge, F. O. and Carpino, J. and Rotenberg, S. A. and Mirkin, M. V.},
journal = {Proc. Natl. Acad. Sci USA},
pages = {11895-11900},
title = {Electrochemical attosyringe},
volume = {104},
year = {2007},
}

@article{lcrm07,
author = {Laforge, F. O. and Carpino, J. and Rotenberg, S. A. and Mirkin, M. V.},
journal = {Proc. Natl. Acad. Sci USA},
pages = {11895-11900},
title = {Electrochemical attosyringe},
volume = {104},
year = {2007},
}

@article{mkmsacus05,
author = {Matsuoka, H. and Komazaki, T. and Mukai, Y. and Shibusawa, M. and Akane, H. and Chaki, A. and Uetake, N. and Saito, M.},
journal = {J. Biotechnol},
pages = {185-19},
title = {High throughput easy microinjection with a single-cell manipulation supporting robot},
volume = {116},
year = {2005},
}

@article{tbwnmedkq14,
author = {Treutlein, B. and Brownfield, D. G. and Wu, A. R. and Neff, N. F. and Mantalas, G. L. and Espinoza, F. H. and Desai, T. J. and Krasnow, M. A. and Quake, S. R.},
journal = {Nature},
pages = {371-375},
title = {Reconstructing lineage hierarchies of the distal lung epithelium using single-cell RNA-seq},
volume = {509},
year = {2014},
}

@article{tbwnmedkq14,
author = {Treutlein, B. and Brownfield, D. G. and Wu, A. R. and Neff, N. F. and Mantalas, G. L. and Espinoza, F. H. and Desai, T. J. and Krasnow, M. A. and Quake, S. R.},
journal = {Nature},
pages = {371-375},
title = {Reconstructing lineage hierarchies of the distal lung epithelium using single-cell RNA-seq},
volume = {509},
year = {2014},
}

@inproceedings{szcpwxyfzth14,
author = {Streets, A. M. and Zhang, X. and Cao, C. and Pang, Y. and Wu, X. and Xiong, L. and Yang, L. and Fu, Y. and Zhao, L. and Tang, F. and Huang, Y.},
booktitle = {Proc. Natl. Acad. Sci. USA 111},
pages = {7048-7053},
title = {Microfluidic single-cell whole-transcriptome sequencing},
year = {2014},
}

@article{uoi04,
author = {Uehara, H. and Osada, T. and Ikai, A.},
journal = {Ultramicroscopy},
pages = {197-201},
title = {Quantitative measurement of mRNA at different loci within an individual living cell},
volume = {100},
year = {2004},
}

@article{uoi04,
author = {Uehara, H. and Osada, T. and Ikai, A.},
journal = {Ultramicroscopy},
pages = {197-201},
title = {Quantitative measurement of mRNA at different loci within an individual living cell},
volume = {100},
year = {2004},
}

@inproceedings{llktdvrkep14,
address = {E4726--E47},
author = {Lee, M.-C. W. and Lopez-Diaz, F. J. and Khan, S. Y. and Tariq, M. A. and Dayn, Y. and Vaske, C. J. and Radenbaugh, A. J. and Kim, H. J. and Emerson, B. M. and Pourmand, N.},
booktitle = {Proc. Natl. Acad. Sci. USA 111},
title = {Single-cell analyses of transcriptional heterogeneity during drug tolerance transition in cancer cells by RNA sequencing},
year = {2014},
}

@inproceedings{llktdvrkep14,
address = {E4726--E47},
author = {Lee, M.-C. W. and Lopez-Diaz, F. J. and Khan, S. Y. and Tariq, M. A. and Dayn, Y. and Vaske, C. J. and Radenbaugh, A. J. and Kim, H. J. and Emerson, B. M. and Pourmand, N.},
booktitle = {Proc. Natl. Acad. Sci. USA 111},
title = {Single-cell analyses of transcriptional heterogeneity during drug tolerance transition in cancer cells by RNA sequencing},
year = {2014},
}

@article{corhctpa17,
author = {Chaves, G. and Özel, R. E. and Rao, N. V. and Hadiprodjo, H. and Da Costa and Y.; Tokuno and Z.; Pourmand and N.},
journal = {Heliyon},
title = {Metabolic and and transcriptomic analysis of Huntington's disease model reveal changes in intracellular glucose levels and related genes},
volume = {3},
year = {2017},
doi = {e00381},
}

@article{amp10,
author = {Actis, P. and Mak, A. C. and Pourmand, N.},
journal = {Bioanal. Rev},
pages = {177-185},
title = {Functionalized nanopipettes: Toward label-free single cell biosensors},
volume = {1},
year = {2010},
}

@article{amp10,
author = {Actis, P. and Mak, A. C. and Pourmand, N.},
journal = {Bioanal. Rev},
pages = {177-185},
title = {Functionalized nanopipettes: Toward label-free single cell biosensors},
volume = {1},
year = {2010},
}

@article{kkpdw05,
author = {Karhanek, M. and Kemp, J. T. and Pourmand, N. and Davis, R. W. and Webb, C. D.},
journal = {Nano. Lett.},
pages = {403-407},
title = {Single DNA molecule detection using nanopipettes and nanoparticles.},
volume = {5},
year = {2005},
}

@article{kkpdw05,
author = {Karhanek, M. and Kemp, J. T. and Pourmand, N. and Davis, R. W. and Webb, C. D.},
journal = {Nano. Lett.},
pages = {403-407},
title = {Single DNA molecule detection using nanopipettes and nanoparticles.},
volume = {5},
year = {2005},
}

@article{amklvsp13,
author = {Actis, P. and Maalouf, M. M. and Kim, H. J. and Lohith, A. and Vilozny, B. and Seger, R. A. and Pourmand, N.},
journal = {ACS Nano},
pages = {546-553},
title = {Compartmental genomics in living cells revealed by single-cell nanobiopsy},
volume = {8},
year = {2013},
}

@article{vasp11,
author = {Vilozny, B. and Actis, P. and Seger, R. A. and Pourmand, N.},
journal = {ACS Nano},
pages = {3191-3197},
title = {Dynamic control of nanoprecipitation in a nanopipette},
volume = {5},
year = {2011},
}

@article{vasp11,
author = {Vilozny, B. and Actis, P. and Seger, R. A. and Pourmand, N.},
journal = {ACS Nano},
pages = {3191-3197},
title = {Dynamic control of nanoprecipitation in a nanopipette},
volume = {5},
year = {2011},
}

@article{y,
author = {Ying, L.},
journal = {Portland Press Limited: London, UK},
title = {Applications of Nanopipettes in Bionanotechnology;},
volume = {2009},
}

@article{y,
author = {Ying, L.},
journal = {Portland Press Limited: London, UK},
title = {Applications of Nanopipettes in Bionanotechnology;},
volume = {2009},
}

@article{mfb10,
author = {Morris, C. A. and Friedman, A. K. and Baker, L. A.},
journal = {Analyst},
pages = {2190-2202},
title = {Applications of nanopipettes in the analytical sciences},
volume = {135},
year = {2010},
}

@article{mfb10,
author = {Morris, C. A. and Friedman, A. K. and Baker, L. A.},
journal = {Analyst},
pages = {2190-2202},
title = {Applications of nanopipettes in the analytical sciences},
volume = {135},
year = {2010},
}

@article{tpk,
author = {Takami, T. and Park, B. H. and Kawai, T.},
journal = {Nano Converg.},
title = {Nanopipette exploring nanoworld},
volume = {1},
year = {2014},
unidentified = {[CrossRef]},
}

@article{ns76,
author = {Neher, E. and Sakmann, B.},
journal = {Nature},
pages = {799-802},
title = {Single-channel currents recorded from membrane of denervated frog muscle fibres},
volume = {260},
year = {1976},
}

@incollection{mam15,
author = {Mirkin, M. and Amemiya, S. and Mirkin, M.},
booktitle = {Nanoelectrochemistry},
pages = {539-572},
publisher = {CRC Press Boca Raton, FL, USA},
title = {Nanoelectrodes and liquid/liquid nanointerfaces},
year = {2015},
}

@incollection{mam15,
author = {Mirkin, M. and Amemiya, S. and Mirkin, M.},
booktitle = {Nanoelectrochemistry},
pages = {539-572},
publisher = {CRC Press Boca Raton, FL, USA},
title = {Nanoelectrodes and liquid/liquid nanointerfaces},
year = {2015},
}

@article{tcgplmllmr14,
author = {Trapnell, C. and Cacchiarelli, D. and Grimsby, J. and Pokharel, P. and Li, S. and Morse, M. and Lennon, N. J. and Livak, K. J. and Mikkelsen, T. S. and Rinn, J. L.},
journal = {Nat. Biotechnol.},
pages = {381-386},
title = {The dynamics and regulators of cell fate decisions are revealed by pseudotemporal ordering of single cells},
volume = {32},
year = {2014},
}

@article{snf,
author = {Spitzer, M. H. and Nolan, G.},
journal = {Cell},
pages = {780-791},
title = {Mass Cytometry: Single Cells and Many Features},
volume = {165},
year = {2016},
}

@article{snf,
author = {Spitzer, M. H. and Nolan, G.},
journal = {Cell},
pages = {780-791},
title = {Mass Cytometry: Single Cells and Many Features},
volume = {165},
year = {2016},
}

@inproceedings{sp01,
author = {Stephens, D. J. and Pepperkok, R.},
booktitle = {Proc. Natl. Acad. Sci. USA 98},
pages = {4295-4298},
title = {The many ways to cross the plasma membrane},
year = {2001},
}

@inproceedings{sp01,
author = {Stephens, D. J. and Pepperkok, R.},
booktitle = {Proc. Natl. Acad. Sci. USA 98},
pages = {4295-4298},
title = {The many ways to cross the plasma membrane},
year = {2001},
}

@article{mgbsvnbplh09,
author = {Meister, A. and Gabi, M. and Behr, P. and Studer, P. and Vörös, J. and Niedermann, P. and Bitterli, J. and Polesel-Maris, J. and Liley, M. and Heinzelmann, H. and others},
journal = {Nano. Lett.},
pages = {2501-2507},
title = {FluidFM: Combining Atomic Force Microscopy and Nanofluidics in a Universal Liquid Delivery System for Single Cell Applications and Beyond},
volume = {9},
year = {2009},
}

@article{rbzkk05,
author = {Rodolfa, K. T. and Bruckbauer, A. and Zhou, D. and Korchev, Y. E. and Klenerman, D.},
journal = {Angew. Chem Int. Ed},
pages = {6854-6859},
title = {Two-Component Graded Deposition of Biomolecules with a Double-Barreled Nanopipette},
volume = {44},
year = {2005},
}

@article{rbzkk05,
author = {Rodolfa, K. T. and Bruckbauer, A. and Zhou, D. and Korchev, Y. E. and Klenerman, D.},
journal = {Angew. Chem Int. Ed},
pages = {6854-6859},
title = {Two-Component Graded Deposition of Biomolecules with a Double-Barreled Nanopipette},
volume = {44},
year = {2005},
}

@article{wwclwhtc15,
author = {Wu, Y.-C. and Wu, T.-H. and Clemens, D. L. and Lee, B.-Y. and Wen, X. and Horwitz, M. A. and Teitell, M. A. and Chiou, P.-Y.},
journal = {Nat. Methods},
pages = {439-444},
title = {Massively parallel delivery of large cargo into mammalian cells with light pulses},
volume = {12},
year = {2015},
}

@article{wwclwhtc15,
author = {Wu, Y.-C. and Wu, T.-H. and Clemens, D. L. and Lee, B.-Y. and Wen, X. and Horwitz, M. A. and Teitell, M. A. and Chiou, P.-Y.},
journal = {Nat. Methods},
pages = {439-444},
title = {Massively parallel delivery of large cargo into mammalian cells with light pulses},
volume = {12},
year = {2015},
}

@article{wsczlhtpmn16,
author = {Wu, T.-H. and Sagullo, E. and Case, D. and Zheng, X. and Li, Y. and Hong, J. S. and TeSlaa, T. and Patananan, A. N. and McCaffery, J. M. and Niazi, K. and others},
journal = {Cell Metab},
pages = {921-929},
title = {Mitochondrial Transfer by Photothermal Nanoblade Restores Metabolite Profile in Mammalian Cells},
volume = {23},
year = {2016},
}

@article{wsczlhtpmn16,
author = {Wu, T.-H. and Sagullo, E. and Case, D. and Zheng, X. and Li, Y. and Hong, J. S. and TeSlaa, T. and Patananan, A. N. and McCaffery, J. M. and Niazi, K. and others},
journal = {Cell Metab},
pages = {921-929},
title = {Mitochondrial Transfer by Photothermal Nanoblade Restores Metabolite Profile in Mammalian Cells},
volume = {23},
year = {2016},
}

@article{ltlwl17,
author = {Li, X. and Tao, Y. and Lee, D.-H. and Wickramasinghe, H. K. and Lee, A. P.},
journal = {Lab Chip},
pages = {1635-1644},
title = {In situ mRNA isolation from a microfluidic single-cell array using an external AFM nanoprobe},
volume = {17},
year = {2017},
}

@article{cblftociha17,
author = {Chen, Y.-C. and Baac, H. W. and Lee, K.-T. and Fouladdel, S. and Teichert, K. and Ok, J. G. and Cheng, Y.-H. and Ingram, P. N. and Hart, A. J. and Azizi, E.},
journal = {ACS Nano},
pages = {4660-4668},
title = {Selective Photomechanical Detachment and Retrieval of Divided Sister Cells from Enclosed Microfluidics for Downstream Analyses},
volume = {11},
year = {2017},
}

@article{cblftociha17,
author = {Chen, Y.-C. and Baac, H. W. and Lee, K.-T. and Fouladdel, S. and Teichert, K. and Ok, J. G. and Cheng, Y.-H. and Ingram, P. N. and Hart, A. J. and Azizi, E.},
journal = {ACS Nano},
pages = {4660-4668},
title = {Selective Photomechanical Detachment and Retrieval of Divided Sister Cells from Enclosed Microfluidics for Downstream Analyses},
volume = {11},
year = {2017},
}

@article{ypchyly12,
author = {Yan, R. and Park, J.-H. and Choi, Y. and Heo, C.-J. and Yang, S.-M. and Lee, L. P. and Yang, P.},
journal = {Nat. Nanotechnol.},
pages = {191-196},
title = {Nanowire-based single-cell endoscopy},
volume = {7},
year = {2012},
}

@article{ypchyly12,
author = {Yan, R. and Park, J.-H. and Choi, Y. and Heo, C.-J. and Yang, S.-M. and Lee, L. P. and Yang, P.},
journal = {Nat. Nanotechnol.},
pages = {191-196},
title = {Nanowire-based single-cell endoscopy},
volume = {7},
year = {2012},
}

@article{sosnbvspfg11,
author = {Singhal, R. and Orynbayeva, Z. and Sundaram, R. V. K. and Niu, J. J. and Bhattacharyya, S. and Vitol, E. A. and Schrlau, M. G. and Papazoglou, E. S. and Friedman, G. and Gogotsi, Y.},
journal = {Nat. Nanotechnol.},
pages = {57-64},
title = {Multifunctional carbon-nanotube cellular endoscopes},
volume = {6},
year = {2011},
}

@article{kzlu12,
author = {König, J. and Zarnack, K. and Luscombe, N. M. and Ule, J.},
journal = {Nat. Rev. Genet.},
pages = {77-83},
title = {Protein-RNA interactions: New genomic technologies and perspectives},
volume = {13},
year = {2012},
}

@article{cll05,
author = {Chudakov, D. M. and Lukyanov, S. and Lukyanov, K. A.},
journal = {Trends Biotechnol},
pages = {605-613},
title = {Fluorescent proteins as a toolkit for in vivo imaging},
volume = {23},
year = {2005},
}

@article{cll05,
author = {Chudakov, D. M. and Lukyanov, S. and Lukyanov, K. A.},
journal = {Trends Biotechnol},
pages = {605-613},
title = {Fluorescent proteins as a toolkit for in vivo imaging},
volume = {23},
year = {2005},
}

@article{vjms04,
author = {Voura, E. B. and Jaiswal, J. K. and Mattoussi, H. and Simon, S. M.},
journal = {Nat. Med.},
pages = {993-998},
title = {Tracking metastatic tumor cell extravasation with quantum dot nanocrystals and fluorescence emission-scanning microscopy},
volume = {10},
year = {2004},
}

@article{vjms04,
author = {Voura, E. B. and Jaiswal, J. K. and Mattoussi, H. and Simon, S. M.},
journal = {Nat. Med.},
pages = {993-998},
title = {Tracking metastatic tumor cell extravasation with quantum dot nanocrystals and fluorescence emission-scanning microscopy},
volume = {10},
year = {2004},
}

@article{jspahfv17,
author = {Junker, J. P. and Spanjaard, B. and Peterson-Maduro, J. and Alemany, A. and Hu, B. and Florescu, M. and van Oudenaarden, A.},
journal = {bioRxiv},
title = {Massively parallel clonal analysis using CRISPR/Cas induced genetic scars.},
volume = {9},
year = {2017},
}

@article{jspahfv17,
author = {Junker, J. P. and Spanjaard, B. and Peterson-Maduro, J. and Alemany, A. and Hu, B. and Florescu, M. and van Oudenaarden, A.},
journal = {bioRxiv},
title = {Massively parallel clonal analysis using CRISPR/Cas induced genetic scars.},
volume = {9},
year = {2017},
}

@article{kw,
author = {Kretzschmar, K. and Watt, F. M.},
journal = {Cell},
pages = {33-45},
title = {Lineage tracing},
volume = {148},
year = {2012},
}

